@article{brescia2013photometric,
  title={Photometric Redshifts for Quasars in Multi-band Surveys},
  author={Brescia, M and Cavuoti, S and D'Abrusco, R and Longo, G and Mercurio, A},
  journal={The Astrophysical Journal},
  volume={772},
  number={2},
  pages={140},
  year={2013},
  publisher={IOP Publishing}
}

@article{kind2014somz,
  title={SOMz: photometric redshift PDFs with self-organizing maps and random atlas},
  author={Kind, Matias Carrasco and Brunner, Robert J},
  journal={Monthly Notices of the Royal Astronomical Society},
  volume={438},
  number={4},
  pages={3409--3421},
  year={2014},
  publisher={Oxford University Press}
}

@article{budavari2009unified,
  title={A Unified Framework for Photometric Redshifts},
  author={Budav{\'a}ri, Tam{\'a}s},
  journal={The Astrophysical Journal},
  volume={695},
  number={1},
  pages={747},
  year={2009},
  publisher={IOP Publishing}
}

@article{berk2001composite,
  title={Composite quasar spectra from the sloan digital sky survey},
  author={Berk, Daniel E Vanden and Richards, Gordon T and Bauer, Amanda and Strauss, Michael A and Schneider, Donald P and Heckman, Timothy M and York, Donald G and Hall, Patrick B and Fan, Xiaohui and Knapp, GR and others},
  journal={The Astronomical Journal},
  volume={122},
  number={2},
  pages={549},
  year={2001},
  publisher={IOP Publishing}
}


@article{walcher2011fitting,
  title={Fitting the integrated spectral energy distributions of galaxies},
  author={Walcher, Jakob and Groves, Brent and Budav{\'a}ri, Tam{\'a}s and Dale, Daniel},
  journal={Astrophysics and Space Science},
  volume={331},
  number={1},
  pages={1--51},
  year={2011},
  publisher={Springer}
}

@article{myers2009incorporating,
  title={Incorporating photometric redshift probability density information into real-space clustering measurements},
  author={Myers, Adam D and White, Martin and Ball, Nicholas M},
  journal={Monthly Notices of the Royal Astronomical Society},
  volume={399},
  number={4},
  pages={2279--2287},
  year={2009},
  publisher={Oxford University Press}
}

@article{ball2008galaxy,
  title={Galaxy colour, morphology and environment in the Sloan Digital Sky Survey},
  author={Ball, Nicholas M and Loveday, Jon and Brunner, Robert J},
  journal={Monthly Notices of the Royal Astronomical Society},
  volume={383},
  number={3},
  pages={907--922},
  year={2008},
  publisher={Oxford University Press}
}

@article{ball2008robust,
  title={Robust machine learning applied to astronomical data sets. iii. probabilistic photometric redshifts for galaxies and quasars in the {SDSS} and {Galex}},
  author={Ball, Nicholas M and Brunner, Robert J and Myers, Adam D and Strand, Natalie E and Alberts, Stacey L and Tcheng, David},
  journal={The Astrophysical Journal},
  volume={683},
  number={1},
  pages={12},
  year={2008},
  publisher={IOP Publishing}
}

@article{benitez2000bayesian,
  title={Bayesian photometric redshift estimation},
  author={Benitez, Narciso},
  journal={The Astrophysical Journal},
  volume={536},
  number={2},
  pages={571},
  year={2000},
  publisher={IOP Publishing}
}

@article{budavari2001photometric,
  title={Photometric Redshifts from Reconstructed Quasar Templates},
  author={Budavari, Tamas and Csabai, Istvan and Szalay, Alexander S and Connolly, Andrew J and Szokoly, Gyula P and Berk, Daniel E Vanden and Richards, Gordon T and Weinstein, Michael A and Schneider, Donald P and Benitez, Narciso and others},
  journal={The Astronomical Journal},
  volume={122},
  number={3},
  pages={1163},
  year={2001},
  publisher={IOP Publishing}
}

@article{richards2001photometric,
  title={Photometric redshifts of quasars},
  author={Richards, Gordon T and Weinstein, Michael A and Schneider, Donald P and Fan, Xiaohui and Strauss, Michael A and Berk, Daniel E Vanden and Annis, James and Burles, Scott and Laubacher, Emily M and York, Donald G and others},
  journal={The Astronomical Journal},
  volume={122},
  number={3},
  pages={1151},
  year={2001},
  publisher={IOP Publishing}
}

@article{suzuki2006quasar,
  title={Quasar Spectrum Classification with Principal Component Analysis ({PCA}): Emission Lines in the {Ly}$\alpha$ Forest},
  author={Suzuki, Nao},
  journal={The Astrophysical Journal Supplement Series},
  volume={163},
  number={1},
  pages={110},
  year={2006},
  publisher={IOP Publishing}
}

@article{bovy2012photometric,
  title={Photometric redshifts and quasar probabilities from a single, data-driven generative model},
  author={Bovy, Jo and Myers, Adam D and Hennawi, Joseph F and Hogg, David W and McMahon, Richard G and Schiminovich, David and Sheldon, Erin S and Brinkmann, Jon and Schneider, Donald P and Weaver, Benjamin A},
  journal={The Astrophysical Journal},
  volume={749},
  number={1},
  pages={41},
  year={2012},
  publisher={IOP Publishing}
}

@article{dawson2013baryon,
  title={The baryon oscillation spectroscopic survey of {SDSS-III}},
  author={Dawson, Kyle S and Schlegel, David J and Ahn, Christopher P and Anderson, Scott F and Aubourg, {\'E}ric and Bailey, Stephen and Barkhouser, Robert H and Bautista, Julian E and Beifiori, Alessandra and Berlind, Andreas A and others},
  journal={The Astronomical Journal},
  volume={145},
  number={1},
  pages={10},
  year={2013},
  publisher={IOP Publishing}
}

@article{kent1994sdss,
  title={Sloan Digital Sky Survey},
  author={Kent, Stephen M and Stoughton, Chris and Newberg, Heidi and Loveday, Jonathan and Petravick, Don and Gurbani, Vijay and Berman, Eileen and Sergey, Gary},
  journal={Astronomical Data Analysis Software and Systems III},
  volume={61},
  years={1994},
  publisher={ASP Conference Series}
}

@book {rasmussen2006gaussian,
  title={Gaussian Processes for Machine Learning},
  author={Carl Edward Rasmussen and Christopher K.I. Williams},
  year={2006},
  publisher={The MIT Press}, 
  address = {Cambridge, Massachusetts}
}

@book{Matern1986spatial,
  title={{Spatial Variation}},
  author={Mat{\'e}rn, Bertil},
  year={1986},
  publisher={Springer}
}

@article{neal2011mcmc,
  title={{MCMC} using {H}amiltonian dynamics},
  author={Neal, Radford M},
  journal={Handbook of Markov Chain Monte Carlo},
  volume={2},
  year={2011}
}

@article{neal2003slice,
  title={Slice sampling},
  author={Neal, Radford M},
  journal={Annals of statistics},
  pages={705--741},
  year={2003},
  publisher={JSTOR}
}

@article{luptonsdss,
  title={{SDSS} Image Processing II: The Photo Pipelines},
  author={Lupton, Robert H and Ivezic, Zeljko and Gunn, James E and Knapp, Gillian and Strauss, Michael A and Richmond, Michael and Ellman, Nan and Newburg, Heidi and Fan, Xiaohui and Yasuda, Naoki and others}
}

@article{paris2014sloan,
  title={The {S}loan Digital Sky Survey quasar catalog: tenth data release},
  author={P{\^a}ris, Isabelle and Petitjean, Patrick and Aubourg, {\'E}ric and Ross, Nicholas P and Myers, Adam D and Streblyanska, Alina and Bailey, Stephen and Hall, Patrick B and Strauss, Michael A and Anderson, Scott F and others},
  journal={Astronomy \& Astrophysics},
  volume={563},
  pages={A54},
  year={2014},
  publisher={EDP Sciences}
}

@article{regier2014,
  title={Celeste: Scalable variational inference for a generative model of astronomical images}, 
  author = {Regier, Jeffrey and Partridge, Brenton and McAuliffe, Jon and Adams, Ryan and Hoffman, Matt and Lang, Dustin and Schlegel, David and Prabhat},
  journal={Advances in Variational Inference, NIPS 2014 Workshop},
  year={2014}
} 

@inproceedings{regier2015,
  title={{Celeste: Variational inference for a generative model of astronomical images}},
  author={Regier, Jeffrey and Miller, Andrew and McAuliffe, Jon and Adams, Ryan and Hoffman, Matt and Lang, Dustin and Schlegel, David and Prabhat},
  booktitle={Proceedings of The 32nd International Conference on Machine Learning},
  year={2015}
}

@article{hogg2013replacing,
  title={Replacing standard galaxy profiles with mixtures of {G}aussians},
  author={Hogg, David W and Lang, Dustin},
  journal={Publications of the Astronomical Society of the Pacific},
  volume={125},
  number={928},
  pages={719--730},
  year={2013},
  publisher={JSTOR}
}
  
@article{martin2005galex,
  title={The Galaxy Evolution Explorer: A Space Ultraviolet Survey Mission},
  author={Martin, D Christopher and Fanson, James and Schiminovich, David and Morrissey, Patrick and Friedman, Peter G and Barlow, Tom A and Conrow, Tim and Grange, Robert and Jelinksy, Patrick N and Millard, Bruno and others},
  journal={The Astrophysical Journal Letters},
  volume={619},
  number={1},
  year={2005},
  publisher={IOP Science}
}

@article{sdssnanomaggies,
  title={Measures of Flux and Magnitude},
  author={SDSSIII},
  note={\url{https://www.sdss3.org/dr8/algorithms/magnitudes.php}},
  year={2013}
}

@article{weinberg2003lymanalpha,
  title={The {L}yman-alpha Forest as a Cosmological Tool},
  author={Weinberg, David H and Dav'e, Romeel and Katz, Neal and Kollmeier, Juna A},
  journal={Proceedings of the 13th Annual Astrophysica Conference in Maryland},
  volume={666},
  year={2003},
  publisher={AIP Press}
}

@article{harrison1993redshift,
  title={The Redshift-Distance and Velocity-Distance Laws},
  author={Harrison, Edward},
  journal={The Astrophysical Journal},
  volume={403},
  year={1993},
  pages={28--31},
  publisher={The American Astronomical Society}
}

@article{silk1997quasars,
  title={Quasars and Galaxy Formation},
  author={Silk, Joseph and Rees, Martin J},
  journal={Astronomy and Astrophysics},
  year={1998},
  publisher={arXiv}
}

@article{hogg1999distance,
  title={Distance measures in cosmology},
  author={Hogg, David W},
  journal={arXiv preprint astro-ph/9905116},
  year={1999}
}

@book{brooks2011handbook,
  title={Handbook of Markov Chain Monte Carlo},
  author={Brooks, Steve and Gelman, Andrew and Jones, Galin and Meng, Xiao-Li},
  year={2011},
  publisher={CRC press}
}

@article{gelman2011inference,
  title={Inference from simulations and monitoring convergence},
  author={Gelman, Andrew and Shirley, Kenneth},
  journal={Handbook of Markov chain Monte Carlo},
  pages={163--174},
  year={2011}
}

@book{gelman2014bayesian,
  title={Bayesian data analysis},
  author={Gelman, Andrew and Carlin, John B and Stern, Hal S and Rubin, Donald B},
  volume={2},
  year={2014},
  publisher={Taylor \& Francis}
}

@article{wei1990monte,
  title={A {M}onte {C}arlo implementation of the {EM} algorithm and the poor man's data augmentation algorithms},
  author={Wei, Greg CG and Tanner, Martin A},
  journal={Journal of the American statistical Association},
  volume={85},
  number={411},
  pages={699--704},
  year={1990},
  publisher={Taylor \& Francis}
}

@article{alam2015eleventh,
  title={The Eleventh and Twelfth Data Releases of the {S}loan Digital Sky Survey: Final Data from {SDSS-III}},
  author={Alam, Shadab and Albareti, Franco D and Prieto, Carlos Allende and Anders, F and Anderson, Scott F and Andrews, Brett H and Armengaud, Eric and Aubourg, {\'E}ric and Bailey, Stephen and Bautista, Julian E and others},
  journal={arXiv preprint arXiv:1501.00963},
  year={2015}
}

@article{stoughton2002sloan,
  title={Sloan digital sky survey: early data release},
  author={Stoughton, Chris and Lupton, Robert H and Bernardi, Mariangela and Blanton, Michael R and Burles, Scott and Castander, Francisco J and Connolly, AJ and Eisenstein, Daniel J and Frieman, Joshua A and Hennessy, GS and others},
  journal={The Astronomical Journal},
  volume={123},
  number={1},
  pages={485},
  year={2002},
  publisher={IOP Publishing}
}

@article{gray2001physical,
  title={The Physical Basis of Luminosity Classification in the Late A-, F-, and Early G-Type Stars. II. Basic Parameters of Program Stars and the Role of Microturbulence},
  author={Gray, RO and Graham, PW and Hoyt, SR},
  journal={The Astronomical Journal},
  volume={121},
  number={4},
  pages={2159},
  year={2001},
  publisher={IOP Publishing}
}

@article{nocedal1980updating,
  title={Updating quasi-Newton matrices with limited storage},
  author={Nocedal, Jorge},
  journal={Mathematics of computation},
  volume={35},
  number={151},
  pages={773--782},
  year={1980}
}

@article{pybrain2010jmlr,
	Author = {Schaul, Tom and Bayer, Justin and Wierstra, Daan and Sun, Yi and 
	          Felder, Martin and Sehnke, Frank and R{\"u}ckstie{\ss}, Thomas and Schmidhuber, J{\"u}rgen},
	Journal = {Journal of Machine Learning Research},
	Pages = {743--746},
	Title = {{PyBrain}},
	Volume = {11},
	Year = {2010}}
